@incollection{yan2008dbr,
  title={DBR: depth-based routing for underwater sensor networks},
  author={Yan, Hai and Shi, Zhijie Jerry and Cui, Jun-Hong},
  booktitle={NETWORKING 2008 Ad Hoc and Sensor Networks, Wireless Networks, Next Generation Internet},
  pages={72--86},
  year={2008},
  publisher={Springer}
}
@article{shangin2014heuristics,
  title={Heuristics for Minimum Spanning K-tree Problem},
  author={Shangin, Roman E and Pardalos, Panos M},
  journal={Procedia Computer Science},
  volume={31},
  pages={1074--1083},
  year={2014},
  publisher={Elsevier}
}
@inproceedings{roy2006wide,
  title={Wide area ocean networks: architecture and system design considerations},
  author={Roy, Sumit and Arabshahi, Payman and Rouseff, Dan and Fox, Warren},
  booktitle={Proceedings of the 1st ACM international workshop on Underwater networks},
  pages={25--32},
  year={2006},
  organization={ACM}
}
@incollection{xie2006vbf,
  title={VBF: vector-based forwarding protocol for underwater sensor networks},
  author={Xie, Peng and Cui, Jun-Hong and Lao, Li},
  booktitle={NETWORKING 2006. Networking Technologies, Services, and Protocols; Performance of Computer and Communication Networks; Mobile and Wireless Communications Systems},
  pages={1216--1221},
  year={2006},
  publisher={Springer}
}
@article{freitag2002acoustic,
  title={Acoustic communications for regional undersea observatories},
  author={Freitag, Lee and Stojanovic, Milica and Grund, Matthew and Singh, Sandipa},
  journal={Proceedings of Oceanology International, London, UK},
  year={2002}
}
@article{quazi1982underwater,
  title={Underwater acoustic communications},
  author={Quazi, A and Konrad, W},
  journal={Communications Magazine, IEEE},
  volume={20},
  number={2},
  pages={24--30},
  year={1982},
  publisher={IEEE}
}
@incollection{bromage2007sea,
  title={SEA-LABS: a wireless sensor network for sustained monitoring of coral reefs},
  author={Bromage, Matt and Obraczka, Katia and Potts, Donald},
  booktitle={NETWORKING 2007. Ad Hoc and Sensor Networks, Wireless Networks, Next Generation Internet},
  pages={1132--1135},
  year={2007},
  publisher={Springer}
}
@article{cruz2008ocean,
  title={Ocean sampling and surveillance using autonomous sailboats},
  author={Cruz, Nuno A and Alves, Jose C},
  year={2008}
}
@article{signell1997modeling,
  title={Modeling waves and circulation in Lake Pontchartrain, Louisiana},
  author={Signell, Richard P and List, Jeffrey H},
  year={1997},
  publisher={GCAGS Transactions}

@inproceedings{rice2000evolution,
  title={Evolution of Seaweb underwater acoustic networking},
  author={Rice, Joseph and Creber, Bob and Fletcher, Chris and Baxley, Paul and Rogers, Ken and McDonald, Keyko and Rees, Dave and Wolf, Michael and Merriam, Steve and Mehio, Rami and others},
  booktitle={Oceans 2000 MTS/IEEE Conference and Exhibition},
  volume={3},
  pages={2007--2017},
  year={2000},
  organization={IEEE}
}
@book{pedlosky1996ocean,
  title={Ocean circulation theory},
  author={Pedlosky, Joseph},
  year={1996},
  publisher={Springer}
}
@article{partan2007survey,
  title={A survey of practical issues in underwater networks},
  author={Partan, Jim and Kurose, Jim and Levine, Brian Neil},
  journal={ACM SIGMOBILE Mobile Computing and Communications Review},
  volume={11},
  number={4},
  pages={23--33},
  year={2007},
  publisher={ACM}
}
@article{ghosh2008coverage,
  title={Coverage and connectivity issues in wireless sensor networks: A survey},
  author={Ghosh, Amitabha and Das, Sajal K},
  journal={Pervasive and Mobile Computing},
  volume={4},
  number={3},
  pages={303--334},
  year={2008},
  publisher={Elsevier}
}
@book{otnes2012underwater,
  title={Underwater acoustic networking techniques},
  author={Otnes, Roald and Asterjadhi, Alfred and Casari, Paolo and Goetz, Michael and Hus{\o}y, Thor and Nissen, Ivor and Rimstad, Knut and van Walree, Paul and Zorzi, Michele},
  year={2012},
  publisher={Springer}
}
@inproceedings{shah2009survey,
  title={A survey on medium access control in underwater acoustic sensor networks},
  author={Shah, Ghalib Asadullah},
  booktitle={Advanced Information Networking and Applications Workshops, 2009. WAINA'09. International Conference on},
  pages={1178--1183},
  year={2009},
  organization={IEEE}
}
@inproceedings{yunus2010survey,
  title={A survey of existing medium access control (MAC) for underwater wireless sensor network (UWSN)},
  author={Yunus, Farizah and Ariffin, Sharifah HS and Zahedi, Yasser},
  booktitle={Mathematical/Analytical Modelling and Computer Simulation (AMS), 2010 Fourth Asia International Conference on},
  pages={544--549},
  year={2010},
  organization={IEEE}
}
@inproceedings{han2013m,
  title={M-FAMA: A multi-session MAC protocol for reliable underwater acoustic streams},
  author={Han, Seongwon and Noh, Youngtae and Lee, Uichin and Gerla, Mario},
  booktitle={INFOCOM, 2013 Proceedings IEEE},
  pages={665--673},
  year={2013},
  organization={IEEE}
}
@article{climent2014underwater,
  title={Underwater Acoustic Wireless Sensor Networks: Advances and Future Trends in Physical, MAC and Routing Layers},
  author={Climent, Salvador and Sanchez, Antonio and Capella, Juan Vicente and Meratnia, Nirvana and Serrano, Juan Jose},
  journal={Sensors},
  volume={14},
  number={1},
  pages={795--833},
  year={2014},
  publisher={Multidisciplinary Digital Publishing Institute}
}
@article{6757189, 
author={Chen, K. and Ma, M. and Cheng, E. and Yuan, F. and Su, W.}, 
journal={Communications Surveys Tutorials, IEEE}, 
title={A Survey on MAC Protocols for Underwater Wireless Sensor Networks}, 
year={2014}, 
month={}, 
volume={PP}, 
number={99}, 
pages={1-15}, 
keywords={MAC protocols;Underwater Wireless Sensor Networks;underwater acoustic environment;underwater communication}, 
doi={10.1109/SURV.2014.013014.00032}, 
ISSN={1553-877X},}
@article{ayaz2011survey,
  title={A survey on routing techniques in underwater wireless sensor networks},
  author={Ayaz, Muhammad and Baig, Imran and Abdullah, Azween and Faye, Ibrahima},
  journal={Journal of Network and Computer Applications},
  volume={34},
  number={6},
  pages={1908--1927},
  year={2011},
  publisher={Elsevier}
}
@article{li2014channel,
  title={EM channel characteristics and their impact on MAC layer performance in underwater surveillance networks},
  author={Li, Jun and Toulgoat, Myl{\`e}ne},
  journal={Wireless Communications and Mobile Computing},
  year={2014},
  publisher={Wiley Online Library}
}
@article{du2014lb,
  title={LB-AGR: level-based adaptive geo-routing for underwater sensor network},
  author={DU, Xiu-juan and HUANG, Ke-jun and LAN, Sheng-lin and FENG, Zhen-xing and LIU, Fan},
  journal={The Journal of China Universities of Posts and Telecommunications},
  volume={21},
  number={1},
  pages={54--59},
  year={2014},
  publisher={Elsevier}
}
@article{wahid2014mrp,
  title={MRP: A Localization-Free Multi-Layered Routing Protocol for Underwater Wireless Sensor Networks},
  author={Wahid, Abdul and Lee, Sungwon and Kim, Dongkyun and Lim, Kyung-Shik},
  journal={Wireless Personal Communications},
  pages={1--16},
  year={2014},
  publisher={Springer}
}
@incollection{shen2014comparative,
  title={A Comparative Study on Routing Protocols in Underwater Sensor Networks},
  author={Shen, Jian and Wang, Jin and Zhang, Jianwei and Wang, Shunfeng},
  booktitle={Advanced Technologies, Embedded and Multimedia for Human-centric Computing},
  pages={593--602},
  year={2014},
  publisher={Springer}
}
@incollection{tung2014power,
  title={Power-Aware Routing for Underwater Wireless Sensor Network},
  author={Tung, Nguyen Thanh and Minh, Nguyen Sy},
  booktitle={Context-Aware Systems and Applications},
  pages={97--101},
  year={2014},
  publisher={Springer}
}
@article{flierl1981particle,
  title={Particle motions in large-amplitude wave fields},
  author={Flierl, Glenn R},
  journal={Geophysical \& Astrophysical Fluid Dynamics},
  volume={18},
  number={1-2},
  pages={39--74},
  year={1981},
  publisher={Taylor \& Francis}
}
@article{regier1979float,
  title={Float trajectories in simple kinematic flows},
  author={Regier, Lloyd and Stommel, Henry},
  journal={Proceedings of the National Academy of Sciences},
  volume={76},
  number={10},
  pages={4760--4764},
  year={1979},
  publisher={National Acad Sciences}
}
@article{bower1985gulf,
  title={The Gulf Stream-barrier or blender?},
  author={Bower, Amy S and Rossby, H Thomas and Lillibridge, John L},
  journal={Journal of Physical Oceanography},
  volume={15},
  number={1},
  pages={24--32},
  year={1985}
}
@article{stojanovic1993adaptive,
  title={Adaptive multichannel combining and equalization for underwater acoustic communications},
  author={Stojanovic, Milica and Catipovic, J and Proakis, John G},
  journal={The Journal of the Acoustical Society of America},
  volume={94},
  number={3},
  pages={1621--1631},
  year={1993},
  publisher={Acoustical Society of America}
}
@inproceedings{singh2009acoustic,
  title={Acoustic communication performance of the WHOI micro-modem in sea trials of the Nereus vehicle to 11,000 m depth},
  author={Singh, Sandipa and Webster, Sarah E and Freitag, Lee and Whitcomb, Louis L and Ball, Keenan and Bailey, John and Taylor, Chris},
  booktitle={OCEANS 2009, MTS/IEEE Biloxi-Marine Technology for Our Future: Global and Local Challenges},
  pages={1--6},
  year={2009},
  organization={IEEE}
}
@inproceedings{green2010acoustic,
  title={Acoustic modems, navigation aids, and networks for undersea operations},
  author={Green, Dale},
  booktitle={OCEANS 2010 IEEE-Sydney},
  pages={1--6},
  year={2010},
  organization={IEEE}
}
@article{bower1991simple,
  title={A simple kinematic mechanism for mixing fluid parcels across a meandering jet},
  author={Bower, Amy S},
  journal={Journal of Physical Oceanography},
  volume={21},
  number={1},
  pages={173--180},
  year={1991}
}
@article{bower1989evidence,
  title={Evidence of cross-frontal exchange processes in the Gulf Stream based on isopycnal RAFOS float data},
  author={Bower, AS and Rossby, T},
  journal={Journal of Physical Oceanography},
  volume={19},
  number={9},
  pages={1177--1190},
  year={1989}
}
@inproceedings{zhang2008analysis,
  title={Analysis of a simple multihop underwater acoustic network},
  author={Zhang, Wenyi and Stojanovic, Milica and Mitra, Urbashi},
  booktitle={Proceedings of the third ACM international workshop on Underwater Networks},
  pages={3--10},
  year={2008},
  organization={ACM}
}
@inproceedings{wang2009token,
  title={Token-based data collection protocols for multi-hop underwater acoustic sensor networks: short paper},
  author={Wang, Ping and Zhang, Lin and Krishnamachari, Bhaskar and Li, Victor OK},
  booktitle={Proceedings of the Fourth ACM International Workshop on UnderWater Networks},
  pages={10},
  year={2009},
  organization={ACM}
}
@inproceedings{pu2013comparing,
  title={Comparing underwater MAC protocols in real sea experiment},
  author={Pu, Lina and Luo, Yu and Mo, Haining and Peng, Zheng and Cui, Jun-Hong and Jiang, Zaihan},
  booktitle={IFIP Networking Conference, 2013},
  pages={1--9},
  year={2013},
  organization={IEEE}
}
@book{xiao2010underwater,
  title={Underwater acoustic sensor networks},
  author={Xiao, Yang},
  year={2010},
  publisher={CRC Press}
}
@INPROCEEDINGS{Elmallah88partitioningthe,
    author = {Ehab S. Elmallah and Charles J. Colbourn},
    title = {Partitioning the edges of a planar graph into two partial k-trees},
    booktitle = {In Proc. 19th Southeastern Conf. on Combinatorics, Graph Theory, and Computing},
    year = {1988},
    pages = {69--80}
}
@INPROCEEDINGS{ProfEhab, 
author={Elmallah, E.S. and Hassanein, H.S. and AboElFotoh, H.M.}, 
booktitle={Parallel Processing Workshops, 2001. International Conference on}, 
title={On the use of a simple mobility model in ad hoc routing}, 
year={2001}, 
month={}, 
pages={479-484}, 
keywords={multimedia communication;protocols;quality of service;telecommunication network routing;ad hoc networks;ad hoc routing;end-to-end route;load balancing;low speed mobile hosts;mobile hosts;mobility model;multimedia services;on-demand routing protocols;quality of service routing;spatial probabilistic model;user mobility profiles;Ad hoc networks;Base stations;Cellular networks;Context modeling;Frequency estimation;Power generation;Quality of service;Routing protocols;Streaming media;Web and internet services}, 
doi={10.1109/ICPPW.2001.951990}, 
ISSN={1530-2016},}
@inproceedings{senel2013autonomous,
  title={Autonomous deployment of sensors for maximized coverage and guaranteed connectivity in Underwater Acoustic Sensor Networks},
  author={Senel, Fatih and Akkaya, Kemal and Yilmaz, Turgay},
  booktitle={Local Computer Networks (LCN), 2013 IEEE 38th Conference on},
  pages={211--218},
  year={2013},
  organization={IEEE}
}
@inproceedings{doniec2009aquaoptical,
  title={AquaOptical: A lightweight device for high-rate long-range underwater point-to-point communication},
  author={Doniec, Marek and Vasilescu, Iuliu and Chitre, Mandar and Detweiler, Carrick and Hoffmann-Kuhnt, Matthias and Rus, Daniela},
  booktitle={OCEANS 2009, MTS/IEEE Biloxi-Marine Technology for Our Future: Global and Local Challenges},
  pages={1--6},
  year={2009},
  organization={IEEE}
}
@inproceedings{elrashidi2012underwater,
  title={Underwater wireless sensor network communication using electromagnetic waves at resonance frequency 2.4 GHz},
  author={Elrashidi, Ali and Elleithy, Abdelrahman and Albogame, Majed and Elleithy, Khaled},
  booktitle={Proceedings of the 15th Communications and Networking Simulation Symposium},
  pages={13},
  year={2012},
  organization={Society for Computer Simulation International}
}
@article{ammari2010study,
  title={A Study of k-coverage and measures of connectivity in 3D wireless sensor networks},
  author={Ammari, Habib M and Das, Sajal K},
  journal={Computers, IEEE Transactions on},
  volume={59},
  number={2},
  pages={243--257},
  year={2010},
  publisher={IEEE}
}
@article{doniec2013end,
  title={An End-to-End Signal Strength Model for Underwater Optical Communications},
  author={Doniec, Marek and Angermann, Michael and Rus, Daniela},
  year={2013},
  publisher={IEEE}
}
@article{hanson2008high,
  title={High bandwidth underwater optical communication},
  author={Hanson, Frank and Radic, Stojan},
  journal={Applied Optics},
  volume={47},
  number={2},
  pages={277--283},
  year={2008},
  publisher={Optical Society of America}
}
@inproceedings{doniec2013robust,
  title={Robust real-time underwater digital video streaming using optical communication},
  author={Doniec, Marek and Xu, Anqi and Rus, Daniela},
  booktitle={Robotics and Automation (ICRA), 2013 IEEE International Conference on},
  pages={5117--5124},
  year={2013},
  organization={IEEE}
}
@misc{evolo,
  author = {Hydro International},
  title = {{Evologic Underwater Acoustic Modems}},
  howpublished = "\url{http://www.hydro-international.com/files/productsurvey_v_pdfdocument_15.pdf}",
  year = {2007}, 
  note = "[Online; accessed 03 April 2014]"
}
@misc{bworld,
  author = {LinkQuest Inc},
  title = {{SoundLink Underwater Acoustic Modems}},
  howpublished = "\url{http://www.link-quest.com/html/uwm_hr.pdf}",
  year = {2008}, 
  note = "[Online; accessed 03 April 2014]"
}
@inproceedings{beaujean2008hermes,
  title={HERMES-A high-speed acoustic modem for real-time transmission of uncompressed image and status transmission in port environment and very shallow water},
  author={Beaujean, P-PJ and Carlson, Edward A and Spruance, John and Kriel, Dion},
  booktitle={OCEANS 2008},
  pages={1--9},
  year={2008},
  organization={IEEE}
}
@article{che2010re,
  title={Re-evaluation of RF electromagnetic communication in underwater sensor networks},
  author={Che, Xianhui and Wells, Ian and Dickers, Gordon and Kear, Paul and Gong, Xiaochun},
  journal={Communications Magazine, IEEE},
  volume={48},
  number={12},
  pages={143--151},
  year={2010},
  publisher={IEEE}
}
@inproceedings{uribe2009radio,
  title={Radio communication model for underwater WSN},
  author={Uribe, Carlos and Grote, Walter},
  booktitle={New Technologies, Mobility and Security (NTMS), 2009 3rd International Conference on},
  pages={1--5},
  year={2009},
  organization={IEEE}
}
@inproceedings{sameer2012underwater,
  title={Underwater acoustic communications: Design considerations at the physical layer based on field trials},
  author={Sameer, BTP and Koilpillai, RD and Muralikrishna, P},
  booktitle={Communications (NCC), 2012 National Conference on},
  pages={1--5},
  year={2012},
  organization={IEEE}
}
@article{cui2006challenges,
  title={The challenges of building mobile underwater wireless networks for aquatic applications},
  author={Cui, Jun-Hong and Kong, Jiejun and Gerla, Mario and Zhou, Shengli},
  journal={Network, IEEE},
  volume={20},
  number={3},
  pages={12--18},
  year={2006},
  publisher={IEEE}
}
@inproceedings{benson2006design,
  title={Design of a low-cost acoustic modem for moored oceanographic applications},
  author={Benson, Bridget and Chang, Grace and Manov, Derek and Graham, Brian and Kastner, Ryan},
  booktitle={Proceedings of the 1st ACM international workshop on Underwater networks},
  pages={71--78},
  year={2006},
  organization={ACM}
}
@article{akyildiz2005underwater,
  title={Underwater acoustic sensor networks: research challenges},
  author={Akyildiz, Ian F and Pompili, Dario and Melodia, Tommaso},
  journal={Ad hoc networks},
  volume={3},
  number={3},
  pages={257--279},
  year={2005},
  publisher={Elsevier}
}
@article{stship,
  title={On the relationship between capacity and distance in an underwater acoustic communication channel},
  author={Stojanovic, Milica},
  journal={ACM SIGMOBILE Mobile Computing and Communications Review},
  volume={11},
  number={4},
  pages={34--43},
  year={2007},
  publisher={ACM}
}
@inproceedings{wills2006low,
  title={Low-power acoustic modem for dense underwater sensor networks},
  author={Wills, Jack and Ye, Wei and Heidemann, John},
  booktitle={Proceedings of the 1st ACM international workshop on Underwater networks},
  pages={79--85},
  year={2006},
  organization={ACM}
}
@article{heidemann2012underwater,
  title={Underwater sensor networks: applications, advances and challenges},
  author={Heidemann, John and Stojanovic, Milica and Zorzi, Michele},
  journal={Philosophical Transactions of the Royal Society A: Mathematical, Physical and Engineering Sciences},
  volume={370},
  number={1958},
  pages={158--175},
  year={2012},
  publisher={The Royal Society}
}
@article{Farrell201262,
title = "Performance of {IEEE} 802.11 {MAC} in Underwater Wireless Channels ",
journal = "Procedia Computer Science ",
volume = "10",
number = "0",
pages = "62 - 69",
year = "2012",
note = "\{ANT\} 2012 and MobiWIS 2012 ",
issn = "1877-0509",
doi = "http://dx.doi.org/10.1016/j.procs.2012.06.012",
url = "http://www.sciencedirect.com/science/article/pii/S1877050912003699",
author = "Alan C. Farrell and Jun Peng",
keywords = "medium access control",
keywords = "\{MAC\}",
keywords = "wireless networks",
keywords = "underwater networks",
keywords = "ad hoc networks "
}
@article{ying2011combining,
  title={On combining shortest-path and back-pressure routing over multihop wireless networks},
  author={Ying, Lei and Shakkottai, Sanjay and Reddy, Aneesh and Liu, Shihuan},
  journal={IEEE/ACM Transactions on Networking (TON)},
  volume={19},
  number={3},
  pages={841--854},
  year={2011},
  publisher={IEEE Press}
}
@inproceedings{lee2010pressure,
  title={Pressure routing for underwater sensor networks},
  author={Lee, Uichin and Wang, Paul and Noh, Youngtae and Vieira, FLM and Gerla, Mario and Cui, Jun-Hong},
  booktitle={INFOCOM, 2010 Proceedings IEEE},
  pages={1--9},
  year={2010},
  organization={IEEE}
}
@article{noh2013vapr,
  title={VAPR: Void-Aware Pressure Routing for Underwater Sensor Networks},
  author={Noh, Youngtae and Lee, Uichin and Wang, Paul and Choi, Brian Sung Chul and Gerla, Mario},
  journal={Mobile Computing, IEEE Transactions on},
  volume={12},
  number={5},
  pages={895--908},
  year={2013},
  publisher={IEEE}
}
@article{erol2011performance,
  title={Performance evaluation of distributed localization techniques for mobile underwater acoustic sensor networks},
  author={Erol-Kantarci, Melike and Oktug, Sema and Vieira, Luiz and Gerla, Mario},
  journal={Ad Hoc Networks},
  volume={9},
  number={1},
  pages={61--72},
  year={2011},
  publisher={Elsevier}
}
@article{zhou2010efficient,
  title={Efficient localization for large-scale underwater sensor networks},
  author={Zhou, Zhong and Cui, Jun-Hong and Zhou, Shengli},
  journal={Ad Hoc Networks},
  volume={8},
  number={3},
  pages={267--279},
  year={2010},
  publisher={Elsevier}
}
@article{Nazrul2008,
  title={Coverage and Connectivity in Three-Dimensional Underwater Sensor Networks},
  author={S. M. Nazrul Alam and Zygmunt J. Haas},
 journal={Wireless Communication and Mobile Computing (WCMC)},
  volume={8},
  number={8},
  pages={995--1009},
  year={2008},
  publisher={Wiley}
}

@article{zhou2011scalable,
  title={Scalable localization with mobility prediction for underwater sensor networks},
  author={Zhou, Zhong and Peng, Zheng and Cui, Jun-Hong and Shi, Zhijie and Bagtzoglou, Amvrossios C},
  journal={Mobile Computing, IEEE Transactions on},
  volume={10},
  number={3},
  pages={335--348},
  year={2011},
  publisher={IEEE}
}
@inproceedings{jaffe2006sensor,
  title={Sensor networks of freely drifting autonomous underwater explorers},
  author={Jaffe, Jules and Schurgers, Curt},
  booktitle={Proceedings of the 1st ACM international workshop on Underwater networks},
  pages={93--96},
  year={2006},
  organization={ACM}
}
@inproceedings{kong2005building,
  title={Building underwater ad-hoc networks and sensor networks for large scale real-time aquatic applications},
  author={Kong, Jiejun and Cui, Jun-hong and Wu, Dapeng and Gerla, Mario},
  booktitle={Military Communications Conference, 2005. MILCOM 2005. IEEE},
  pages={1535--1541},
  year={2005},
  organization={IEEE}
}
@article{wald1983steiner,
  title={Steiner trees in probabilistic networks},
  author={Wald, Joseph A and Colbourn, Charles J},
  journal={Microelectronics Reliability},
  volume={23},
  number={5},
  pages={837--840},
  year={1983},
  publisher={Elsevier}
}

@article{Beineke1971,
  title={Properties and Characterizations of k -Trees},
  author={Beineke L. W. and Pippert R. E.},
  journal={Mathematika},
  volume={18},
  number={},
  pages={141--145},
  year={1971},
  publisher={}
}
@inproceedings{caruso2008meandering,
  title={The meandering current mobility model and its impact on underwater mobile sensor networks},
  author={Caruso, Antonio and Paparella, Francesco and Vieira, Luiz Filipe M and Erol, Melike and Gerla, Mario},
  booktitle={INFOCOM 2008. The 27th Conference on Computer Communications. IEEE},
  pages={221--225},
  year={2008},
  organization={IEEE}
}
@article{wald1983steiner1,
  title={Steiner trees, partial 2--trees, and minimum IFI networks},
  author={Wald, Joseph A and Colbourn, Charles J},
  journal={Networks},
  volume={13},
  number={2},
  pages={159--167},
  year={1983},
  publisher={Wiley Online Library}
}
@inproceedings{luo2009double,
  title={Double mobility: coverage of the sea surface with mobile sensor networks},
  author={Luo, Ji and Wang, Dan and Zhang, Qian},
  booktitle={INFOCOM 2009, IEEE},
  pages={118--126},
  year={2009},
  organization={IEEE}
}
@article{akkaya2009self,
  title={Self-deployment of sensors for maximized coverage in underwater acoustic sensor networks},
  author={Akkaya, Kemal and Newell, Andrew},
  journal={Computer Communications},
  volume={32},
  number={7},
  pages={1233--1244},
  year={2009},
  publisher={Elsevier}
}
@article{proakis2001shallow,
  title={Shallow water acoustic networks},
  author={Proakis, John G and Sozer, Ethem M and Rice, Joseph A and Stojanovic, Milica},
  journal={Communications Magazine, IEEE},
  volume={39},
  number={11},
  pages={114--119},
  year={2001},
  publisher={IEEE}
}
@inproceedings{stojanovic2008underwater,
  title={Underwater acoustic communications: Design considerations on the physical layer},
  author={Stojanovic, Milica},
  booktitle={Wireless on Demand Network Systems and Services, 2008. WONS 2008. Fifth Annual Conference on},
  pages={1--10},
  year={2008},
  organization={IEEE}
}
@article{stojanovic2009underwater,
  title={Underwater acoustic communication channels: Propagation models and statistical characterization},
  author={Stojanovic, Milica and Preisig, James},
  journal={Communications Magazine, IEEE},
  volume={47},
  number={1},
  pages={84--89},
  year={2009},
  publisher={IEEE}
}
@article{luo2012double,
  title={On the double mobility problem for water surface coverage with mobile sensor networks},
  author={Luo, Ji and Wang, Dan and Zhang, Qian},
  journal={Parallel and Distributed Systems, IEEE Transactions on},
  volume={23},
  number={1},
  pages={146--159},
  year={2012},
  publisher={IEEE}
}