%% ------------------------------
%% Books

% --- 2012 ---

@book{otnes2012underwater,
  title={Underwater acoustic networking techniques},
  author={Otnes, Roald and Asterjadhi, Alfred and Casari, Paolo and
  	  Goetz, Michael and Hus{\o}y, Thor and Nissen, Ivor and
	  Rimstad, Knut and van Walree, Paul and Zorzi, Michele},
  year={2012},
  series="SpringerBriefs in Electrical and Computer Engineering",
  publisher={Springer}
}

% --- 2010 ---
@book{xiao2010underwater,
  title={Underwater acoustic sensor networks},
  author={Xiao, Yang},
  year={2010},
  publisher={CRC Press}
}

%% --- 1987 ---
@book(Co87,
  author=       "C. J. Colbourn",
  title=        "The Combinatorics of Network Reliability",
  publisher=    "Oxford University Press",
  year=         "1987")

%% ------------------------------
%% Journals

%% --- 2014 ---
@article{climent2014underwater,
  title="Underwater Acoustic Wireless Sensor Networks: Advances and
  	 Future Trends in Physical, MAC and Routing Layers",
  author={Climent, Salvador and Sanchez, Antonio and Capella, Juan Vicente
  	  and Meratnia, Nirvana and Serrano, Juan Jose},
  journal={Sensors},
  volume={14},
  number={1},
  pages={795--833},
  year={2014},
  publisher={Multidisciplinary Digital Publishing Institute}
}

@article{chen2014survey,
  author={Chen, K. and Ma, M. and Cheng, E. and Yuan, F. and Su, W.},
  journal={IEEE Communications Surveys and Tutorials},
  title={A Survey on MAC Protocols for Underwater Wireless Sensor Networks},
  year={2014},
  month={},
  volume={},
  number={},
  pages={1-15}
}


%% --- 2012 ---
@article{heidemann2012underwater,
  title={Underwater sensor networks: applications, advances and challenges},
  author={Heidemann, John and Stojanovic, Milica and Zorzi, Michele},
  journal={Philosophical Transactions of the Royal Society
  	   A: Mathematical, Physical and Engineering Sciences},
  volume={370},
  number={1958},
  pages={158--175},
  year={2012},
  publisher={The Royal Society}
}

%% --- 2007 ---

@article{partan2007survey,
  title={A survey of practical issues in underwater networks},
  author={Partan, Jim and Kurose, Jim and Levine, Brian Neil},
  journal={ACM SIGMOBILE Mobile Computing and Communications Review},
  volume={11},
  number={4},
  pages={23--33},
  year={2007},
  publisher={ACM}
}


%% --- 2005 ---

@article{akyildiz2005underwater,
  title={Underwater acoustic sensor networks: research challenges},
  author={Akyildiz, Ian F and Pompili, Dario and Melodia, Tommaso},
  journal={Ad hoc networks},
  volume={3},
  number={3},
  pages={257--279},
  year={2005},
  publisher={Elsevier}
}


%% --- 1989 ----

@article{bower1989evidence,
  title={Evidence of cross-frontal exchange processes in
  	 the Gulf Stream based on  isopycnal RAFOS float data},
  author={Bower, AS and Rossby, T},
  journal={Journal of Physical Oceanography},
  volume={19},
  number={9},
  pages={1177--1190},
  year={1989}
}

%% --- 1991 ---

@article{bower91simple,
  title= "A simple kinematic mechanism for mixing fluid parcels across
  	  a meandering jet",
  author= "Amy S. Bower",
  journal= "Journal of Physical Oceanography",
  volume={21},
  number={1},
  publisher= "American Meteorological Society",
  pages={173--180},
  year={1991}
}


%% --- 1985 ----

@article{bower1985gulf,
  title={The Gulf Stream-barrier or blender?},
  author={Bower, Amy S and Rossby, H Thomas and Lillibridge, John L},
  journal={Journal of Physical Oceanography},
  volume={15},
  number={1},
  pages={24--32},
  year={1985}
}

%% ------------------------------
%% Conferences

%% --- 2013 ---

@inproceedings{pu2013comparing,
  title={Comparing underwater MAC protocols in real sea experiment},
  author={Pu, Lina and Luo, Yu and Mo, Haining and Peng, Zheng and
  	  Cui, Jun-Hong and Jiang, Zaihan},
  booktitle={IFIP Networking Conference, 2013},
  pages={1--9},
  year={2013},
  organization={IEEE}
}

@inproceedings{le2013realWorld,
 author = {Le, Son N. and Zhu, Yibo and Peng, Zheng and Cui, Jun-Hong and
           Jiang, Zaihan},
 title = {PMAC: A Real-world Case Study of Underwater MAC},
 booktitle = {the Eighth ACM International Conference on Underwater Networks
 	      and Systems},
 series = {WUWNet '13},
 year = {2013},
 pages = {2:1--2:8},
 numpages = {8},
 publisher = {ACM},
} 

@inproceedings{senel2013auto,
  title={Autonomous deployment of sensors for maximized coverage
         and guaranteed connectivity in Underwater Acoustic Sensor Networks},
  author={Senel, Fatih and Akkaya, Kemal and Yilmaz, Turgay},
  booktitle={IEEE 38th Conference on  Local Computer Networks (LCN), 2013},
  pages={211--218},
  year={2013},
  organization={IEEE}
}


%% --- 2009 ---
@inproceedings{luo2009double,
  title={Double mobility: coverage of the sea surface with mobile
  	sensor networks},
  author={Luo, Ji and Wang, Dan and Zhang, Qian},
  booktitle={IEEE INFOCOM 2009},
  pages={118--126},
  year={2009},
  organization={IEEE}
}

%% --- 2007 ---
@inproceedings{caruso2008meandering,
  title={The meandering current mobility model and its impact on
  	underwater mobile sensor networks},
  author={Caruso, Antonio and Paparella, Francesco and
  	  Vieira, Luiz Filipe M and Erol, Melike and Gerla, Mario},
  booktitle={INFOCOM 2008},
  pages={221--225},
  year={2008},
  organization={IEEE}
}

@inproceedings(rice2007seaweb,
 author = "Rice, Joseph A.",
 title = "{US} Navy {Seaweb} Development",
 booktitle = "Proceedings of the Second Workshop on Underwater Networks",
 series = "WuWNet '07",
 year = 2007,
 pages = "3--4",
 numpages = 2,
 publisher = "ACM",
) 
%% --- 2006 ---

@inproceedings{pompili2006deployment,
 author = {Pompili, Dario and Melodia, Tommaso and Akyildiz, Ian F.},
 title = {Deployment Analysis in Underwater Acoustic Wireless Sensor Networks},
 booktitle = {1st ACM International Workshop on Underwater Networks},
 series = {WUWNet '06},
 year = {2006},
 pages = {48--55},
 numpages = {8},
} 
@inproceedings{jaffe2006sensor,
  title={Sensor networks of freely drifting autonomous underwater explorers},
  author={Jaffe, Jules and Schurgers, Curt},
  booktitle={1st ACM international workshop on Underwater networks},
  pages={93--96},
  year={2006},
  organization={ACM}
}

@inproceedings{roy2006wideArea,
 author = {Roy, Sumit and Arabshahi, Payman and Rouseff, Dan and Fox, Warren},
 title = {Wide Area Ocean Networks: Architecture and
          System Design Considerations},
 booktitle = {the 1st ACM International Workshop on Underwater Networks},
 series = {WUWNet '06},
 year = {2006},
 pages = {25--32},
 numpages = {8},
 publisher = {ACM},
} 
%% --- 2001 ---

@inproceedings(elmallah01supporting,
  author=       "E.S. Elmallah and H.S. Hassanein and H.M. AboElFotoh",
  title=        "Supporting {QoS} routing in mobile ad hoc networks using
                 probabilistic locality and load balancing",
  booktitle=    "Proceedings of the IEEE GLOBECOM Symposium on Ad Hoc Wireless
                Networks, San Antonio",
  volume=       5,
  year=         2001,
  pages=        "2901--2906" )

%% --- 2000 ---
@inproceedings{rice2000evolution,
  author={Rice, J. and Creber, B. and Fletcher, C. and Baxley, P. and
  	  Rogers, K. and McDonald, K. and Rees, D. and Wolf, M. and
	  Merriam, S. and Mehio, R. and Proakis, J. and Scussel, K. and
	  Porta, D. and Baker, J. and Hardiman, J. and Green, D.},
  booktitle={OCEANS 2000 MTS/IEEE Conference and Exhibition},
  title={Evolution of {Seaweb} underwater acoustic networking},
  year={2000},
  volume={3},
  pages={2007-2017}}

