%Books 

%Arrange according to year 
%------2013---------------
@book{yunus2013fluid,
title={{Fluid Mechanics Fundamentals and Applications}},
author={Y. Cengel and J. Cimbala},
year={2013},
publisher ={McGraw-Hill Education},
address={}
}
%-----2012------
@book{otnes2012underwater,
  title={Underwater acoustic networking techniques},
  author={Otnes, R. and Asterjadhi, A. and Casari, P. and Goetz, M. and Hus{\o}y, T. and Nissen, I. and
	  Rimstad, K. and van Walree, P. and Zorzi, M.},
  year={2012},
  publisher={Springer},
  address={Berlin/Heidelberg, Germany}
}


% --- 2010 ---
@book{xiao2010underwater,
  title={Underwater acoustic sensor networks},
  author={Xiao, Y.},
  year={2010},
  publisher={CRC Press},
 address = {Boston, MA, USA}
}
%------2009-------
@book{brualdi2009introduction,
  title={Introductory combinatorics 5th Edition},
  author={Brualdi, R. A.},
  year={2009},
  address={New York},
  publisher={Pearson}  
}
% --- 2006 ----
@book{golumbic2006graph,
  title={{Graph theory, combinatorics and algorithms: Interdisciplinary applications}},
  author={Golumbic, M. C. and Hartman, I. B.},
  volume={34},
  year={2006},
  publisher = {Springer-Verlag New York, Inc.},
 address = {Secaucus, NJ, USA}
}

%-------2004----------------
@book{golumbic2004algorithmic,
  title={Algorithmic graph theory and perfect graphs},
  author={Golumbic, M. C.},
  volume={57},
  year={2004},
  publisher = {North-Holland Publishing Co.},
 address = {Amsterdam, Netherland}
}
% ---- 1999 ----
@book{mckee1999topics,
  title={Topics in intersection graph theory},
  author={McKee, T. A. and McMorris, F. R.},
  volume={2},
  year={1999},
  publisher={{SIAM}}
  address={Philadelphia}
}
%----2001-------------
@book{cormen2001introduction,
  title={Introduction to algorithms},
  author={Cormen, T. H. and Leiserson, C. E. and Rivest, R. L. and Stein, C. and others},
  volume={},
  year={2009},
  publisher={{3rd Edition, MIT press}},
 address={ Cambridge}
}
% ---- 1999 ----
@book{brandstadt1999graph,
  title={Graph classes: a survey},
  author={Brandst{\"a}dt, A. and Bang Le, V. and Spinrad, J. P.},
  volume={3},
  year={1999},
  publisher={{SIAM}},
  address = {Philadelphia, PA, USA}
}

%-------1996--------
@book{pedlosky1996ocean,
  title={Ocean circulation theory},
  author={Pedlosky, J.},
  year={1996},
  publisher={Springer-Verlag Berlin Heidelberg}
}
%-------1991-------------
@book{shier1991network,
  title={Network reliability and algebraic structures},
  author={Shier, D. R.},
  year={1991},
  publisher={Clarendon Press},
 address = {New York, USA}
}
%--------1988-------------
%@book{bodlaender1988dynamic,
%  title={Dynamic programming on graphs with bounded treewidth},
%  author={Bodlaender, Hans L},
%  year={1988},
%  publisher={Springer}
%}
%% --- 1987 --
@book{Co87,
 author = {Colbourn, C. J.},
 title = {{The  Combinatorics of Network Reliability}},
 year = {1987},
 isbn = {0195049209},
 publisher = {Oxford University Press, Inc.},
 address = {New York, USA}
} 

% ---------------------------------------------
%         End of Book 
%----------------------------------------------



%----------------------------------------------
%                  Begining of Journal
%----------------------------------------------

%% --- 2014 ---
@incollection{chen2014, 
title={A {Survey} on {MAC} Protocols for Underwater Wireless Sensor Networks},
author={Chen, K. and Ma, M. and Cheng, E. and Yuan, F. and Su, W.}, 
journal={IEEE Communications Surveys Tutorials },  
year={2014}, 
month={}, 
volume={}, 
number={99}, 
pages={1-15}
}

@article{shangin2014heuristics,
  title={{Heuristics for Minimum Spanning \textit{k}-tree Problem}},
  author={Shangin, R. E. and Pardalos, P. M.},
  journal={Procedia Computer Science},
  volume={31},
  pages={1074--1083},
  year={2014},
  publisher={Elsevier}
}
@article{climent2014underwater,
  title={{Underwater Acoustic Wireless Sensor Networks: Advances and
  	 Future Trends in Physical, MAC and Routing Layers}},
  author={Climent, S. and Sanchez, A. and Capella, J. V.
  	  and Meratnia, N. and Serrano, J. J.},
  journal={Sensors},
  volume={14},
  number={1},
  pages={795--833},
  year={2014},
  publisher={Multidisciplinary Digital Publishing Institute}
}

@article{li2014channel,
  title={{EM channel characteristics and their impact on MAC layer performance in underwater surveillance networks}},
  author={Li, J. and Toulgoat, M.},
  journal={Wireless Communications and Mobile Computing},
  year={2014},
  publisher={Wiley Online Library}
}
@article{du2014lb,
  title={{LB-AGR: level-based adaptive geo-routing for underwater sensor network}},
  author={DU, X. and HUANG, K. and LAN, S. and FENG, Z. and LIU, F.},
  journal={The Journal of China Universities of Posts and Telecommunications},
  volume={21},
  number={1},
  pages={54--59},
  year={2014},
  publisher={Elsevier}
}
@article{wahid2014mrp,
  title={{MRP: A Localization-Free Multi-Layered Routing Protocol for Underwater Wireless Sensor Networks}},
  author={Wahid, A. and Lee, S. and Kim, D. and Lim, K.},
  journal={Wireless Personal Communications},
  pages={1--16},
  year={2014},
  publisher={Springer}
}
%Need to cite
@article{chen2014survey,
  author={Chen, K. and Ma, M. and Cheng, E. and Yuan, F. and Su, W.},
  journal={IEEE Communications Surveys and Tutorials},
  title={{A Survey on MAC Protocols for Underwater Wireless Sensor Networks}},
  year={2014},
  month={},
  volume={},
  number={},
  pages={1-15}
}
%%-----2013-----------

@article{noh2013vapr,
  title={VAPR: Void-Aware Pressure Routing for Underwater Sensor Networks},
  author={Noh, Y. and Lee, U. and Wang, P. and Choi, B. S. C. and Gerla, M.},
  journal={Mobile Computing, IEEE Transactions on},
  volume={12},
  number={5},
  pages={895--908},
  year={2013},
  publisher={IEEE}
}

%% --- 2012 ---
@article{zhu2012survey,
  title={A survey on coverage and connectivity issues in wireless sensor networks},
  author={Zhu, C. and Zheng, C. and Shu, L. and Han, G.},
  journal={Journal of Network and Computer Applications},
  volume={35},
  number={2},
  pages={619--632},
  year={2012},
  publisher={Elsevier}
}
@article{heidemann2012underwater,
  title={Underwater sensor networks: applications, advances and challenges},
  author={Heidemann, J. and Stojanovic, M. and Zorzi, M.},
  journal={Philosophical Transactions of the Royal Society
  	   A: Mathematical, Physical and Engineering Sciences},
  volume={370},
  number={1958},
  pages={158--175},
  year={2012},
  publisher={The Royal Society}
}
@article{luo2012double,
  title={On the double mobility problem for water surface coverage with mobile sensor networks},
  author={Luo, J. and Wang, D. and Zhang, Q.},
  journal={IEEE Transactions on Parallel and Distributed Systems},
  volume={23},
  number={1},
  pages={146--159},
  year={2012},
  publisher={IEEE}
}
@article{Farrell2012,
title = "Performance of {IEEE} 802.11 {MAC} in Underwater Wireless Channels ",
journal = "Procedia Computer Science ",
volume = "10",
number = "0",
pages = "62 - 69",
year = "2012",
author = {Alan C. F. and Jun P.}
}
@inproceedings{ren2012performance,
  title={Performance of pressure routing in drifting {3D} underwater sensor networks for deep water monitoring},
  author={Ren, Y. and Seah, W. K. and Teal, P.l D.},
  booktitle={Proceedings of the seventh ACM international conference on underwater networks and systems},
  pages={28},
  year={2012},
  organization={ACM}
}
%-------2011-------------

@article{ying2011combining,
  title={On combining shortest-path and back-pressure routing over multihop wireless networks},
  author={Ying, L. and Shakkottai, S. and Reddy, A. and Liu, S.},
  journal={IEEE/ACM Transactions on Networking (TON)},
  volume={19},
  number={3},
  pages={841--854},
  year={2011},
  publisher={IEEE Press}
}
@article{ayaz2011survey,
  title={A survey on routing techniques in underwater wireless sensor networks},
  author={Ayaz, M. and Baig, I. and Abdullah, A. and Faye, I.},
  journal={Journal of Network and Computer Applications},
  volume={34},
  number={6},
  pages={1908--1927},
  year={2011},
  publisher={Elsevier}
}
@article{wang2011traffic,
  title={{Traffic-aware relay node deployment: Maximizing lifetime for data collection wireless sensor networks}},
  author={Wang, F. and Wang, D. and Liu, J.},
  journal={ IEEE Transactions on Parallel and Distributed Systems},
  volume={22},
  number={8},
  pages={1415--1423},
  year={2011},
  publisher={IEEE}
}
@article{zhou2011scalable,
  title={Scalable localization with mobility prediction for underwater sensor networks},
  author={Zhou, Z. and Peng, Z. and Cui, J. and Shi, Z. and Bagtzoglou, A. C.},
  journal={IEEE Transactions on Mobile Computing},
  volume={10},
  number={3},
  pages={335--348},
  year={2011},
  publisher={IEEE}
}

@article{erol2011performance,
  title={Performance evaluation of distributed localization techniques for mobile underwater acoustic sensor networks},
  author={Erol, M. and Oktug, S. and Vieira, L. and Gerla, M.},
  journal={Ad Hoc Networks},
  volume={9},
  number={1},
  pages={61--72},
  year={2011},
  publisher={Elsevier}
}
@article{yigitel2011qos,
  title={{QoS-aware MAC protocols for wireless sensor networks: A survey}},
  author={Yigitel, M. A. and Incel, O. D. and Ersoy, C.},
  journal={Computer Networks},
  volume={55},
  number={8},
  pages={1982--2004},
  year={2011},
  publisher={Elsevier}
}
@article{tan2011survey,
  title={A survey of techniques and challenges in underwater localization},
  author={Tan, H. and Diamant, R. and Seah, W. K. and Waldmeyer, M.},
  journal={Ocean Engineering},
  volume={38},
  number={14},
  pages={1663--1676},
  year={2011},
  publisher={Elsevier}
}

%-----------2010--------------
@article{ammari2010study,
  title={A {Study} of \textit{k}-coverage and measures of connectivity in {3D} wireless sensor networks},
  author={Ammari, H. M. and Das, S. K.},
  journal={IEEE Transactions on Computers},
  volume={59},
  number={2},
  pages={243--257},
  year={2010},
  publisher={IEEE}
}

@article{che2010re,
  title={{Re-evaluation of RF electromagnetic communication in underwater sensor networks}},
  author={Che, X. and Wells, I. and Dickers, G. and Kear, P. and Gong, X.},
  journal={Communications Magazine, IEEE},
  volume={48},
  number={12},
  pages={143--151},
  year={2010},
  publisher={IEEE}
}




@inproceedings{lee2010pressure,
  title={Pressure routing for underwater sensor networks},
  author={Lee, U. and Wang, P. and Noh, Y. and Vieira, F. and Gerla, M. and Cui, J.},
  booktitle={2010 Proceedings IEEE INFOCOM},
  pages={1--9},
  year={2010},
  organization={IEEE}
}


@article{zhou2010efficient,
  title={Efficient localization for large-scale underwater sensor networks},
  author={Zhou, Z. and Cui, J. and Zhou, S.},
  journal={Ad Hoc Networks},
  volume={8},
  number={3},
  pages={267--279},
  year={2010},
  publisher={Elsevier}
}

%--------2009---------------------
@article{garcia2009routing,
  title={Routing protocols in wireless sensor networks},
  author={Garc{\'\i}a Villalba, L. J. and Sandoval Orozco, A. L. and Trivi{\~n}o Cabrera, A. and Barenco A., Claudia J.},
  journal={Sensors},
  volume={9},
  number={11},
  pages={8399--8421},
  year={2009},
  publisher={Molecular Diversity Preservation International}
}
@article{akkaya2009self,
  title={Self-deployment of sensors for maximized coverage in underwater acoustic sensor networks},
  author={Akkaya, K. and Newell, A.},
  journal={Computer Communications},
  volume={32},
  number={7},
  pages={1233--1244},
  year={2009},
  publisher={Elsevier}
}
@article{stojanovic2009underwater,
  title={{Underwater acoustic communication channels: Propagation models and statistical characterization}},
  author={Stojanovic, M. and Preisig, J.},
  journal={IEEE Communications Magazine},
  volume={47},
  number={1},
  pages={84--89},
  year={2009},
  publisher={IEEE}
}
@article{teymorian20093d,
  title={{3D} underwater sensor network localization},
  author={Teymorian, A. Y. and Cheng, W. and Ma, L. and Cheng, X. and Lu, X. and Lu, Z.},
  journal={IEEE Transactions on Mobile Computing},
  volume={8},
  number={12},
  pages={1610--1621},
  year={2009},
  publisher={IEEE}
}
@article{isik2009three,
  title={A three dimensional localization algorithm for underwater acoustic sensor networks},
  author={Isik, M. T. and Akan, O. B.},
  journal={ IEEE Transactions on Wireless Communications},
  volume={8},
  number={9},
  pages={4457--4463},
  year={2009},
  publisher={IEEE}
}
% ------------2008----------
@article{cheng2008relay,
  title={Relay sensor placement in wireless sensor networks},
  author={Cheng, X. and Du, D. and Wang, L. and Xu, B.},
  journal={Wireless Networks},
  volume={14},
  number={3},
  pages={347--355},
  year={2008},
  publisher={Springer}
}
@article{Nazrul2008,
  title={{Coverage and Connectivity in Three-Dimensional Underwater Sensor Networks}},
  author={S. M. N. Alam and Z. J. Haas},
 journal={Wireless Communication and Mobile Computing (WCMC)},
  volume={8},
  number={8},
  pages={995--1009},
  year={2008},
  publisher={Wiley}
}

@article{ghosh2008coverage,
  title={Coverage and connectivity issues in wireless sensor networks: A survey},
  author={Ghosh, A. and Das, S. K.},
  journal={Pervasive and Mobile Computing},
  volume={4},
  number={3},
  pages={303--334},
  year={2008},
  publisher={Elsevier}
}
@article{hanson2008high,
  title={High bandwidth underwater optical communication},
  author={Hanson, F. and Radic, S.},
  journal={Applied Optics},
  volume={47},
  number={2},
  pages={277--283},
  year={2008},
  publisher={Optical Society of America}
}
@inproceedings{erol2008multi,
  title={Multi stage underwater sensor localization using mobile beacons},
  author={Erol, M. and Vieira, F. and Caruso, A. and Paparella, F. and Gerla, M. and Oktug, S.},
  booktitle={Second International Conference on Sensor Technologies and Applications, 2008. SENSORCOMM'08. },
  pages={710--714},
  year={2008},
  organization={IEEE}
}

%% --- 2007 ---
@article{stship,
  title={On the relationship between capacity and distance in an underwater acoustic communication channel},
  author={Stojanovic, M.},
  journal={ACM SIGMOBILE Mobile Computing and Communications Review},
  volume={11},
  number={4},
  pages={34--43},
  year={2007},
  publisher={ACM}
}
@article{partan2007survey,
  title={A survey of practical issues in underwater networks},
  author={Partan, J. and Kurose, J. and Levine, B. N.},
  journal={ACM SIGMOBILE Mobile Computing and Communications Review},
  volume={11},
  number={4},
  pages={23--33},
  year={2007},
  publisher={ACM}
}
%%------2006-----------

@article{cui2006challenges,
  title={The challenges of building mobile underwater wireless networks for aquatic applications},
  author={Cui, J. and Kong, J. and Gerla, M. and Zhou, S.},
  journal={Network, IEEE},
  volume={20},
  number={3},
  pages={12--18},
  year={2006},
  publisher={IEEE}
}
@inproceedings{pompili2006deployment,
  title={Deployment analysis in underwater acoustic wireless sensor networks},
  author={Pompili, D. and Melodia, T. and Akyildiz, I. F.},
  booktitle={Proceedings of the 1st ACM international workshop on Underwater networks},
  pages={48--55},
  year={2006},
  organization={ACM}
}
%% --- 2005 ---

@article{akyildiz2005underwater,
  title={Underwater acoustic sensor networks: research challenges},
  author={Akyildiz, I. F. and Pompili, D. and Melodia, T.},
  journal={Ad hoc networks},
  volume={3},
  number={3},
  pages={257--279},
  year={2005},
  publisher={Elsevier}
}

%------------2002--------------------

@article{freitag2002acoustic,
  title={Acoustic communications for regional undersea observatories},
  author={Freitag, L. and Stojanovic, M. and Grund, M. and Singh, S.},
  journal={Proceedings of Oceanology International, London, UK},
  year={2002}
}


%%-------2001----------

@article{proakis2001shallow,
  title={Shallow water acoustic networks},
  author={Proakis, J. G. and Sozer, E. M. and Rice, J. A. and Stojanovic, M.},
  journal={Communications Magazine, IEEE},
  volume={39},
  number={11},
  pages={114--119},
  year={2001},
  publisher={IEEE}
}


%-------1993---------------
@article{stojanovic1993adaptive,
  title={Adaptive multichannel combining and equalization for underwater acoustic communications},
  author={Stojanovic, M. and Catipovic, J. and Proakis, J. G.},
  journal={The Journal of the Acoustical Society of America},
  volume={94},
  number={3},
  pages={1621--1631},
  year={1993},
  publisher={Acoustical Society of America}
}
@inproceedings{bodlaender1993linear,
  title={A linear time algorithm for finding tree-decompositions of small treewidth},
  author={Bodlaender, H. L.},
  booktitle={Proceedings of the twenty-fifth annual ACM symposium on Theory of computing},
  pages={226--234},
  year={1993},
  organization={ACM}
}
%---------1991------------
@article{bower1991simple,
  title= "A simple kinematic mechanism for mixing fluid parcels across
  	  a meandering jet",
  author= "A. S. Bower",
  journal= "Journal of Physical Oceanography",
  volume={21},
  number={1},
  publisher= "American Meteorological Society",
  pages={173--180},
  year={1991}
}
@article{arnborg1991easy,
  title={Easy problems for tree-decomposable graphs},
  author={Arnborg, S. and Lagergren, J. and Seese, D.},
  journal={Journal of Algorithms},
  volume={12},
  number={2},
  pages={308--340},
  year={1991},
  publisher={Elsevier}
}
%----------1990----------
@article{arnborg1990forbidden,
  title={Forbidden minors characterization of partial 3-trees},
  author={Arnborg, S. and Proskurowski, A. and Corneil, D. G.},
  journal={Discrete Mathematics},
  volume={80},
  number={1},
  pages={1--19},
  year={1990},
  publisher={Elsevier}
}

%-------------1989--------------

@article{bower1989evidence,
  title={Evidence of cross-frontal exchange processes in
  	 the Gulf Stream based on  isopycnal RAFOS float data},
  author={Bower, A. S. and Rossby, T.},
  journal={Journal of Physical Oceanography},
  volume={19},
  number={9},
  pages={1177--1190},
  year={1989}
}

@article{arnborg1989linear,
  title={Linear time algorithms for {NP}-hard problems restricted to partial \textit{k}-trees},
  author={Arnborg, S. and Proskurowski, A.},
  journal={Discrete Applied Mathematics},
  volume={23},
  number={1},
  pages={11--24},
  year={1989},
  publisher={Elsevier}
}
%---------1988----------------
@incollection{bodlander1988,
year={1988},
booktitle={Proceeding 15th International Colloquium on Automata, Languages and Programming},
volume={317},
series={Lecture Notes in Computer Science},
title={Dynamic programming on graphs with bounded treewidth},
publisher={Springer Berlin Heidelberg},
author={Bodlaender, H. L.},
pages={105-118},
language={English}
}
@article{el1988complexity,
  title={The complexity of some edge deletion problems},
  author={Elmallah, E. S. and Colbourn, C. J.},
  journal={ IEEE Transactions on Circuits and Systems},
  volume={35},
  number={3},
  pages={354--362},
  year={1988},
  publisher={IEEE}
}
%---------------1987-------------
@article{arnborg1987complexity,
  title={Complexity of finding embeddings in a \textit{k}-tree},
  author={Arnborg, S. and Corneil, D. G. and Proskurowski, A.},
  journal={{SIAM Journal on Algebraic Discrete Methods}},
  volume={8},
  number={2},
  pages={277--284},
  year={1987},
  publisher={{SIAM}}
}
%%--------------1986------------
@article{robertson1986graph,
  title={{Graph minors. II. Algorithmic aspects of tree-width}},
  author={Robertson, N. and Seymour, P. D.},
  journal={{Journal of Algorithms}},
  volume={7},
  number={3},
  pages={309--322},
  year={1986},
  publisher={Elsevier}
}
 
%% --- 1985 ----

@article{bower1985gulf,
  title={{The Gulf Stream-barrier or blender?}},
  author={Bower, A. S. and Rossby, T. and Lillibridge, J. L.},
  journal={Journal of Physical Oceanography},
  volume={15},
  number={1},
  pages={24--32},
  year={1985}
}
%------------1984------------
@article{proskurowski1984separating,
  title={Separating subgraphs in \textit{k}-trees: {Cables} and caterpillars},
  author={Proskurowski, A.},
  journal={Discrete Mathematics},
  volume={49},
  number={3},
  pages={275--285},
  year={1984},
  publisher={Elsevier}
}
%----------1983------------

@article{wald1983steiner,
  title={Steiner trees in probabilistic networks},
  author={Wald, J. A. and Colbourn, C. J.},
  journal={Microelectronics Reliability},
  volume={23},
  number={5},
  pages={837--840},
  year={1983},
  publisher={Elsevier}
}
@article{wald1983steiner1,
  title={{Steiner trees, partial 2-trees, and minimum IFI networks}},
  author={Wald, J. A. and Colbourn, C. J.},
  journal={Networks},
  volume={13},
  number={2},
  pages={159--167},
  year={1983},
  publisher={Wiley Online Library}
}
%-----------1982------------
@article{quazi1982underwater,
  title={Underwater acoustic communications},
  author={A. H. Quazi and W. L.
Konrad},
  journal={Communications Magazine, IEEE},
  volume={20},
  number={2},
  pages={24--30},
  year={1982},
  publisher={IEEE}
}

%----------------1981------------
@article{flierl1981particle,
  title={Particle motions in large-amplitude wave fields},
  author={Flierl, G. R.},
  journal={Geophysical \& Astrophysical Fluid Dynamics},
  volume={18},
  number={1-2},
  pages={39--74},
  year={1981},
  publisher={Taylor \& Francis}
}

%----------1979-------------
@article{regier1979float,
  title={Float trajectories in simple kinematic flows},
  author={Regier, L. and Stommel, H.},
  journal={Proceedings of the National Academy of Sciences},
  volume={76},
  number={10},
  pages={4760--4764},
  year={1979},
  publisher={National Acad Sciences}
}
%---------1971-------------
@article{Beineke1971,
  title={{Properties and Characterizations of \textit{k}-Trees}},
  author={Beineke, L. W. and Pippert, R. E.},
  journal={Mathematika},
  volume={18},
  number={},
  pages={141--145},
  year={1971},
  publisher={}
}

%-----------------1969------------
@article{beineke1969number,
  title={The number of labelled \textit{k}-dimensional trees},
  author={Beineke, L. W. and Pippert, R. E.},
  journal={Journal of Combinatorial Theory},
  volume={6},
  number={2},
  pages={200--205},
  year={1969},
  publisher={Elsevier}
}

%-----------------1968----------------
@article{beineke1968enumeration,
  title={The enumeration of labelled 2-trees},
  author={Beineke, L. W. and Pippert, R. E.},
  journal={Notices American Mathematical Society},
  volume={15},
  pages={384},
  year={1968}
}



%-------------------------------------
%          End of Journal
%--------------------------------------






%-----------------------------------------------------
% Begining of Conference 
%-------------------------------------------------
@incollection{Tree2014,
title={{Tree Bound on Probabilistic Connectivity of
Underwater Sensor Networks}},
author={Islam,M. A. and E. S. Elmallah},
booktitle={The 13th IEEE WLN workshop 2014 (To appear)},
pages={},
publisher={}
}


@incollection{shen2014comparative,
  title={{A Comparative Study on Routing Protocols in Underwater Sensor Networks}},
  author={Shen, J. and Wang, J. and Zhang, J. and Wang, S.},
  booktitle={Advanced Technologies, Embedded and Multimedia for Human-centric Computing},
  pages={593--602},
  year={2014},
  publisher={Springer}
}
@incollection{tung2014power,
  title={{Power-Aware Routing for Underwater Wireless Sensor Network}},
  author={Tung, N. T. and Minh, N. S.},
  booktitle={Context-Aware Systems and Applications},
  pages={97--101},
  year={2014},
  publisher={Springer}
}




%------------2013--------------
@inproceedings{senel2013autonomous,
  title={{Autonomous deployment of sensors for maximized coverage and guaranteed connectivity in Underwater Acoustic Sensor Networks}},
  author={Senel, F. and Akkaya, K. and Yilmaz, T.},
  booktitle={2013 IEEE 38th Conference on Local Computer Networks (LCN)},
  pages={211--218},
  year={2013},
  organization={IEEE}
}


@inproceedings{han2013m,
  title={{M-FAMA: A multi-session MAC protocol for reliable underwater acoustic streams}},
  author={Han, S. and Noh, Y. and Lee, U. and Gerla, M.},
  booktitle={2013 Proceedings IEEE INFOCOM},
  pages={665--673},
  year={2013},
  organization={IEEE}
}
@article{doniec2013end,
  title={{An End-to-End Signal Strength Model for Underwater Optical Communications}},
  author={Doniec, M. and Angermann, M. and Rus, D.},
  year={2013},
  publisher={IEEE}
}

@inproceedings{doniec2013robust,
  title={Robust real-time underwater digital video streaming using optical communication},
  author={Doniec, M. and Xu, A. and Rus, D.},
  booktitle={Robotics and Automation (ICRA), 2013 IEEE International Conference on},
  pages={5117--5124},
  year={2013},
  organization={IEEE}
}
@inproceedings{pu2013comparing,
  title={{Comparing underwater MAC protocols in real sea experiment}},
  author={Pu, L. and Luo, Y. and Mo, H. and Peng, Z. and Cui, J. and Jiang, Z.},
  booktitle={IFIP Networking Conference, 2013},
  pages={1--9},
  year={2013},
  organization={IEEE}
}

%----------------2012-------------
@inproceedings{gkikopouli2012survey,
  title={A survey on underwater wireless sensor networks and applications},
  author={Gkikopouli, A. and Nikolakopoulos, G. and Manesis, S.},
  booktitle={ 20th Mediterranean Conference on Control \& Automation (MED) 2012},
  pages={1147--1154},
  year={2012},
  organization={IEEE}
}
@inproceedings{sameer2012underwater,
  title={{Underwater acoustic communications: Design considerations at the physical layer based on field trials}},
  author={Sameer, B. and Koilpillai, R. and Muralikrishna, P.},
  booktitle={ 2012 National Conference on Communications (NCC)},
  pages={1--5},
  year={2012},
  organization={IEEE}
}
@inproceedings{elrashidi2012underwater,
  title={{Underwater wireless sensor network communication using electromagnetic waves at resonance frequency 2.4 GHz}},
  author={Elrashidi, A. and Elleithy, A. and Albogame, M. and Elleithy, K.},
  booktitle={Proceedings of the 15th Communications and Networking Simulation Symposium},
  pages={13},
  year={2012},
  organization={Society for Computer Simulation International}
}
%-------2011------------------
@inproceedings{bayrakdar2011comparative,
  title={A comparative view of routing protocols for underwater wireless sensor networks},
  author={Bayrakdar, Y. and Meratnia, N. and Kantarci, A.},
  booktitle={OCEANS, 2011 IEEE-Spain},
  pages={1--5},
  year={2011},
  organization={IEEE}
}
@article{giantsis2011comparison,
  title={Comparison of routing protocols for underwater sensor networks: a survey},
  author={Giantsis, C. and Economides, A. A.},
  journal={International Journal of Communication Networks and Distributed Systems},
  volume={7},
  number={3},
  pages={192--228},
  year={2011},
  publisher={Inderscience}
}
%-----------2010--------------
@inproceedings{green2010acoustic,
  title={Acoustic modems, navigation aids, and networks for undersea operations},
  author={Green, D.},
  booktitle={OCEANS 2010 IEEE-Sydney},
  pages={1--6},
  year={2010},
  organization={IEEE}
}
@incollection{li2010constrained,
  title={Constrained low-interference relay node deployment for underwater acoustic wireless sensor networks},
  author={Li, D. and Li, Z. and Ma, W. and Chen, W.},
  booktitle={Combinatorial Optimization and Applications},
  pages={281--291},
  year={2010},
  publisher={Springer}
}
@inproceedings{yunus2010survey,
  title={{A survey of existing medium access control (MAC) for underwater wireless sensor network (UWSN)}},
  author={Yunus, F. and Ariffin, S. H. and Zahedi, Y.},
  booktitle={2010 Fourth Asia International Conference on Mathematical/Analytical Modelling and Computer Simulation (AMS)},
  pages={544--549},
  year={2010},
  organization={IEEE}
}




%---------2009-------------
@inproceedings{reza2009robust,
  title={Robust grid-based deployment schemes for underwater optical sensor networks},
  author={Reza, A. and Harms, J.},
  booktitle={ IEEE 34th Conference on Local Computer Networks, 2009. LCN 2009.},
  pages={641--648},
  year={2009},
  organization={IEEE}
}

@inproceedings{singh2009acoustic,
  title={{Acoustic communication performance of the WHOI micro-modem in sea trials of the Nereus vehicle to 11,000 m depth}},
  author={Singh, S. and Webster, S. E. and Freitag, L. and Whitcomb, L. L. and Ball, K. and Bailey, J. and Taylor, C.},
  booktitle={OCEANS 2009, MTS/IEEE Biloxi-Marine Technology for Our Future: Global and Local Challenges},
  pages={1--6},
  year={2009},
  organization={IEEE}
}

@inproceedings{doniec2009aquaoptical,
  title={{AquaOptical: A lightweight device for high-rate long-range underwater point-to-point communication}},
  author={Doniec, M. and Vasilescu, I. and Chitre, M. and Detweiler, C. and Hoffmann-Kuhnt, M. and Rus, D.},
  booktitle={OCEANS 2009, MTS/IEEE Biloxi-Marine Technology for Our Future: Global and Local Challenges},
  pages={1--6},
  year={2009},
  organization={IEEE}
}


@inproceedings{shah2009survey,
  title={A survey on medium access control in underwater acoustic sensor networks},
  author={Shah, G. A.},
  booktitle={Advanced Information Networking and Applications Workshops, 2009. WAINA'09. International Conference on},
  pages={1178--1183},
  year={2009},
  organization={IEEE}
}
%%%%%%%%%%%%%%%%%%%%
@inproceedings{uribe2009radio,
  title={{Radio communication model for underwater WSN}},
  author={Uribe, C. and Grote, W.},
  booktitle={New Technologies, Mobility and Security (NTMS), 2009 3rd International Conference on},
  pages={1--5},
  year={2009},
  organization={IEEE}
}

@inproceedings{wang2009token,
  title={Token-based data collection protocols for multi-hop underwater acoustic sensor networks: short paper},
  author={Wang, P. and Zhang, L. and Krishnamachari, B. and Li, V. O.},
  booktitle={Proceedings of the Fourth ACM International Workshop on UnderWater Networks},
  pages={10},
  year={2009},
  organization={ACM}
}
@inproceedings{luo2009double,
  title={Double mobility: coverage of the sea surface with mobile sensor networks},
  author={Luo, J. and Wang, D. and Zhang, Q.},
  booktitle={ IEEE INFOCOM 2009},
  pages={118--126},
  year={2009},
  organization={IEEE}
}


%---------2008-------------
@inproceedings{caruso2008meandering,
  title={The meandering current mobility model and its impact on underwater mobile sensor networks},
  author={Caruso, A. and Paparella, F. and Vieira, L. F. M. and Erol, M. and Gerla, M.},
  booktitle={ The 27th Conference on Computer Communications IEEE INFOCOM},
  pages={221--225},
  year={2008},
  organization={IEEE}
}

@inproceedings{petrioli2008comparative,
  title={A comparative performance evaluation of {MAC} protocols for underwater sensor networks},
  author={Petrioli, C. and Petroccia, R. and Stojanovic, M.},
  booktitle={OCEANS 2008},
  pages={1--10},
  year={2008},
  organization={IEEE}
}

@inproceedings{stojanovic2008underwater,
  title={{Underwater acoustic communications: Design considerations on the physical layer}},
  author={Stojanovic, M.},
  booktitle={Wireless on Demand Network Systems and Services, 2008. WONS 2008. Fifth Annual Conference on},
  pages={1--10},
  year={2008},
  organization={IEEE}
}
@incollection{yan2008dbr,
  title={{DBR}: depth-based routing for underwater sensor networks},
  author={Yan, H. and Shi, Z. J. and Cui, J.},
  booktitle={NETWORKING 2008 Ad Hoc and Sensor Networks, Wireless Networks, Next Generation Internet},
  pages={72--86},
  year={2008},
  publisher={Springer}
}
@inproceedings{beaujean2008hermes,
  title={HERMES-A high-speed acoustic modem for real-time transmission of uncompressed image and status transmission in port environment and very shallow water},
  author={Beaujean, P. and Carlson, E. A. and Spruance, J. and Kriel, D.},
  booktitle={OCEANS 2008},
  pages={1--9},
  year={2008},
  organization={IEEE}
}

@article{cruz2008ocean,
  title={Ocean sampling and surveillance using autonomous sailboats},
  author={Cruz, N. A. and Alves, J. C.},
  year={2008}
}
@inproceedings{zhang2008analysis,
  title={Analysis of a simple multihop underwater acoustic network},
  author={Zhang, W. and Stojanovic, M. and Mitra, U.},
  booktitle={Proceedings of the third ACM international workshop on Underwater Networks},
  pages={3--10},
  year={2008},
  organization={ACM}
}
%---2007--------------------------

@incollection{bromage2007sea,
  title={{SEA-LABS}: a wireless sensor network for sustained monitoring of coral reefs},
  author={Bromage, M. and Obraczka, K. and Potts, D.},
  booktitle={NETWORKING 2007. Ad Hoc and Sensor Networks, Wireless Networks, Next Generation Internet},
  pages={1132--1135},
  year={2007},
  publisher={Springer}
}
@inproceedings{Erol:2007,
 author = {Erol, M. and Vieira, L. F. M. and Gerla, M.},
 title = {Localization with Dive'N'Rise (DNR) Beacons for Underwater Acoustic Sensor Networks},
 booktitle = {Proceedings of the Second Workshop on Underwater Networks},
 series = {WuWNet '07},
 year = {2007},
 isbn = {978-1-59593-736-0},
 location = {Montreal, Quebec, Canada},
 pages = {97--100},
 numpages = {4},
 url = {http://doi.acm.org/10.1145/1287812.1287833},
 doi = {10.1145/1287812.1287833},
 acmid = {1287833},
 publisher = {ACM},
 address = {New York, NY, USA},
 keywords = {localization, mobile beacon, positioning, underwater sensor networks},
} 

%--------------2006--------------
@inproceedings{fair2006optical,
  title={Optical modem technology for seafloor observatories},
  author={Fair, N. and Chave, A. and Freitag, L. and Preisig, J. and White, S. and Yoerger, D. and Sonnichsen, F.},
  booktitle={OCEANS 2006},
  pages={1--6},
  year={2006},
  organization={IEEE}
}
@inproceedings{pompili2006routing,
  title={Routing algorithms for delay-insensitive and delay-sensitive applications in underwater sensor networks},
  author={Pompili, D. and Melodia, T. and Akyildiz, I. F.},
  booktitle={Proceedings of the 12th annual international conference on Mobile computing and networking},
  pages={298--309},
  year={2006},
  organization={ACM}
}
@inproceedings{roy2006wide,
  title={Wide area ocean networks: architecture and system design considerations},
  author={Roy, S. and Arabshahi, P. and Rouseff, D. and Fox, W.},
  booktitle={Proceedings of the 1st ACM international workshop on Underwater networks},
  pages={25--32},
  year={2006},
  organization={ACM}
}
@incollection{xie2006vbf,
  title={{VBF}: vector-based forwarding protocol for underwater sensor networks},
  author={Xie, P. and Cui, J. and Lao, L.},
  booktitle={NETWORKING 2006. Networking Technologies, Services, and Protocols; Performance of Computer and Communication Networks; Mobile and Wireless Communications Systems},
  pages={1216--1221},
  year={2006},
  publisher={Springer}
}
@inproceedings{wills2006low,
  title={Low-power acoustic modem for dense underwater sensor networks},
  author={Wills, J. and Ye, W. and Heidemann, J.},
  booktitle={Proceedings of the 1st ACM international workshop on Underwater networks},
  pages={79--85},
  year={2006},
  organization={ACM}
}

@inproceedings{benson2006design,
  title={Design of a low-cost acoustic modem for moored oceanographic applications},
  author={Benson, B. and Chang, G. and Manov, D. and Graham, B. and Kastner, R.},
  booktitle={Proceedings of the 1st ACM international workshop on Underwater networks},
  pages={71--78},
  year={2006},
  organization={ACM}
}

@inproceedings{jaffe2006sensor,
  title={Sensor networks of freely drifting autonomous underwater explorers},
  author={Jaffe, J. and Schurgers, C.},
  booktitle={Proceedings of the 1st ACM international workshop on Underwater networks},
  pages={93--96},
  year={2006},
  organization={ACM}
}
@inproceedings{chandrasekhar2006localization,
  title={Localization in underwater sensor networks: survey and challenges},
  author={Chandrasekhar, V. and Seah, W. K. and Choo, Y. S. and Ee, H. V.},
  booktitle={Proceedings of the 1st ACM international workshop on Underwater networks},
  pages={33--40},
  year={2006},
  organization={ACM}
}
%---------2005-----------
@inproceedings{kong2005building,
  title={Building underwater ad-hoc networks and sensor networks for large scale real-time aquatic applications},
  author={Kong, J. and Cui, J. and Wu, D. and Gerla, M.},
  bookti@inproceedings{Erol:2007:LDB:1287812.1287833,
 author = {Erol, Melike and Vieira, Luiz F. M. and Gerla, Mario},
 title = {Localization with Dive'N'Rise (DNR) Beacons for Underwater Acoustic Sensor Networks},
 booktitle = {Proceedings of the Second Workshop on Underwater Networks},
 series = {WuWNet '07},
 year = {2007},
 isbn = {978-1-59593-736-0},
 location = {Montreal, Quebec, Canada},
 pages = {97--100},
 numpages = {4},
 url = {http://doi.acm.org/10.1145/1287812.1287833},
 doi = {10.1145/1287812.1287833},
 acmid = {1287833},
 publisher = {ACM},
 address = {New York, NY, USA},
 keywords = {localization, mobile beacon, positioning, underwater sensor networks},
} 
tle={Military Communications Conference, 2005. MILCOM 2005. IEEE},
  pages={1535--1541},
  year={2005},
  organization={IEEE}
}

%--------2001----------
@inproce@inproceedings{Erol:2007:LDB:1287812.1287833,
 author = {Erol, M. and Vieira, L. F. M. and Gerla, M.},
 title = {Localization with Dive'N'Rise (DNR) Beacons for Underwater Acoustic Sensor Networks},
 booktitle = {Proceedings of the Second Workshop on Underwater Networks},
 series = {WuWNet '07},
 year = {2007},
 isbn = {978-1-59593-736-0},
 location = {Montreal, Quebec, Canada},
 pages = {97--100},
 numpages = {4},
 url = {http://doi.acm.org/10.1145/1287812.1287833},
 doi = {10.1145/1287812.1287833},
 acmid = {1287833},
 publisher = {ACM},
 address = {New York, NY, USA},
 keywords = {localization, mobile beacon, positioning, underwater sensor networks}
}
@inproceedings{freitag2001acoustic,
  title={Acoustic communication with small UUVs using a hull-mounted conformal array},
  author={Freitag, L and Grund, M and Catipovic, J and Nagle, D and Pazol, B and Glynn, J},
  booktitle={MTS/IEEE Conference and Exhibition OCEANS, 2001.},
  volume={4},
  pages={2270--2275},
  year={2001},
  organization={IEEE}
}

%--------2000---------------

@inproce@inproceedings{Erol:2007:LDB:1287812.1287833,
 author = {Erol, M. and Vieira, L. F. M. and Gerla, M.},
 title = {Localization with Dive'N'Rise (DNR) Beacons for Underwater Acoustic Sensor Networks},
 booktitle = {Proceedings of the Second Workshop on Underwater Networks},
 series = {WuWNet '07},
 year = {2007},
 isbn = {978-1-59593-736-0},
 location = {Montreal, Quebec, Canada},
 pages = {97--100},
 numpages = {4},
 url = {http://doi.acm.org/10.1145/1287812.1287833},
 doi = {10.1145/1287812.1287833},
 acmid = {1287833},
 publisher = {ACM},
 address = {New York, NY, USA},
 keywords = {localization, mobile beacon, positioning, underwater sensor networks}
}

@inproceedings{Erol:2007:LDB:1287812.1287833,
 author = {Erol, M. and Vieira, L. F. M. and Gerla, M.},
 title = {Localization with Dive'N'Rise (DNR) Beacons for Underwater Acoustic Sensor Networks},
 booktitle = {Proceedings of the Second Workshop on Underwater Networks},
 series = {WuWNet '07},
 year = {2007},
 isbn = {978-1-59593-736-0},
 location = {Montreal, Quebec, Canada},
 pages = {97--100},
 numpages = {4},
 url = {http://doi.acm.org/10.1145/1287812.1287833},
 doi = {10.1145/1287812.1287833},
 acmid = {1287833},
 publisher = {ACM},
 address = {New York, NY, USA},
 keywords = {localization, mobile beacon, positioning, underwater sensor networks}
} 

%--------1997----------------

@article{signell1997modeling,
  title={{Modeling waves and circulation in Lake Pontchartrain, Louisiana}},
  author={Signell, R. P. and List, J. H.},
  year={1997},
  publisher={GCAGS Transactions}
}

@inproceedings{Erol:2007:LDB:1287812.1287833,
 author = {Erol, M. and Vieira, L.z F. M. and Gerla, M.},
 title = {Localization with Dive'N'Rise (DNR) Beacons for Underwater Acoustic Sensor Networks},
 booktitle = {Proceedings of the Second Workshop on Underwater Networks},
 series = {WuWNet '07},
 year = {2007},
 isbn = {978-1-59593-736-0},
 location = {Montreal, Quebec, Canada},
 pages = {97--100},
 numpages = {4},
 url = {http://doi.acm.org/10.1145/1287812.1287833},
 doi = {10.1145/1287812.1287833},
 acmid = {1287833},
 publisher = {ACM},
 address = {New York, NY, USA},
 keywords = {localization, mobile beacon, positioning, underwater sensor networks}
} 


%------------------1988----------------

@INPROCEEDINGS{Elmallah88partitioningthe,
    author = {E. S. Elmallah and C. J. Colbourn},
    title = {Partitioning the edges of a planar graph into two partial \textit{k}-trees},
    booktitle = {In Proc. 19th Southeastern Conf. on Combinatorics, Graph Theory, and Computing},
    year = {1988},
    pages = {69--80}
}



@inproceedings{Erol:2007:LDB:1287812.1287833,
 author = {Erol, M. and Vieira, L. F. M. and Gerla, M.},
 title = {Localization with Dive'N'Rise (DNR) Beacons for Underwater Acoustic Sensor Networks},
 booktitle = {Proceedings of the Second Workshop on Underwater Networks},
 series = {WuWNet '07},
 year = {2007},
 isbn = {978-1-59593-736-0},
 location = {Montreal, Quebec, Canada},
 pages = {97--100},
 numpages = {4},
 url = {http://doi.acm.org/10.1145/1287812.1287833},
 doi = {10.1145/1287812.1287833},
 acmid = {1287833},
 publisher = {ACM},
 address = {New York, NY, USA},
 keywords = {localization, mobile beacon, positioning, underwater sensor networks}
} 
% files 

@misc{evolo,
  author = {Hydro International},
  title = {{Evologic Underwater Acoustic Modems}},
  howpublished = "\url{http://www.hydro-international.com/files/productsurvey_v_pdfdocument_15.pdf}",
  year = {2007}, 
  note = {[Online; accessed 03 April 2014]}
}

@misc{bworld,
  author = {LinkQuest Inc},
  title = {{SoundLink Underwater Acoustic Modems},
  howpublished = "\url{http://www.link-quest.com/html/uwm_hr.pdf}",
  year = {2008}, 
  note = {[Online; accessed 03 April 2014]}
}







